%-----------------------------------------------------------------------

@article{Behring:2019oci,
    author = "Behring, Arnd and Bizo\'n, Wojciech",
    title = "{Higgs decay into massive b-quarks at NNLO QCD in the nested soft-collinear subtraction scheme}",
    eprint = "1911.11524",
    archivePrefix = "arXiv",
    primaryClass = "hep-ph",
    reportNumber = "P3H-19-047, TTP19-041",
    doi = "10.1007/JHEP01(2020)189",
    journal = "JHEP",
    volume = "01",
    pages = "189",
    year = "2020"
}

